@BOOK{Burke2010,
	AUTHOR = {Burke, Bill},
	YEAR = {2010},
	TITLE = {RESTful Java with JAX-RS - },
	EDITION = {},
	ISBN = {978-1-449-38305-3},
	PUBLISHER = {O'Reilly Media, Inc.},
	ADDRESS = {Sebastopol, CA},
}
@BOOK{Tilkov2011,
	AUTHOR = {Tilkov, Stefan},
	YEAR = {2011},
	TITLE = {REST und HTTP - Einsatz der Architektur des Web f√ºr Integrationsszenarien},
	EDITION = {2. akt. und erw. Auflage},
	ISBN = {978-3-898-64732-8},
	PUBLISHER = {Dpunkt.Verlag GmbH},
	ADDRESS = {Heidelberg},
}
@BOOK{Ament2013,
	AUTHOR = {Ament, John D.},
	YEAR = {2013},
	TITLE = {Arquillian Testing Guide - },
	EDITION = {},
	ISBN = {978-1-782-16070-0},
	PUBLISHER = {Packt Publishing, Limited},
	ADDRESS = {Birmingham},
}
@BOOK{Gupta2012,
	AUTHOR = {Gupta, Arun},
	YEAR = {2012},
	TITLE = {Java EE 6 Pocket Guide - },
	EDITION = {1. Aufl.},
	ISBN = {978-1-449-33668-4},
	PUBLISHER = {O'Reilly Media, Inc.},
	ADDRESS = {Sebastopol, CA},
}